<record><leader>00000cas a2200000 a 4500</leader><controlfield tag="001">13899950</controlfield><controlfield tag="008">860718d18531853nyucr ne      0    0eng  </controlfield><datafield ind1=" " ind2=" " tag="010"><subfield code="a">sn 86071717 </subfield></datafield><datafield ind1=" " ind2=" " tag="040"><subfield code="a">DLC</subfield><subfield code="b">eng</subfield><subfield code="c">DLC</subfield><subfield code="d">KNP</subfield><subfield code="d">NYG</subfield><subfield code="d">NVF</subfield><subfield code="d">DLC</subfield><subfield code="d">OCLCG</subfield><subfield code="d">DLC</subfield><subfield code="d">OCLCQ</subfield><subfield code="d">OCLCF</subfield><subfield code="d">OCLCO</subfield></datafield><datafield ind1="1" ind2=" " tag="029"><subfield code="a">AU@</subfield><subfield code="b">000025789896</subfield></datafield><datafield ind1=" " ind2=" " tag="042"><subfield code="a">pcc</subfield></datafield><datafield ind1=" " ind2=" " tag="043"><subfield code="a">n-us-ny</subfield></datafield><datafield ind1="0" ind2="0" tag="050"><subfield code="a">Newspaper</subfield></datafield><datafield ind1="0" ind2=" " tag="130"><subfield code="a">New-York tribune (New York, N.Y. : 1853)</subfield></datafield><datafield ind1="1" ind2="0" tag="245"><subfield code="a">New-York tribune.</subfield></datafield><datafield ind1=" " ind2=" " tag="260"><subfield code="a">New-York [N.Y.] :</subfield><subfield code="b">Greeley &amp; McElrath,</subfield><subfield code="c">1853.</subfield></datafield><datafield ind1=" " ind2=" " tag="300"><subfield code="a">1 v. :</subfield><subfield code="b">ill. (chiefly advertisements) ;</subfield><subfield code="c">58 cm.</subfield></datafield><datafield ind1=" " ind2=" " tag="310"><subfield code="a">Semiweekly</subfield></datafield><datafield ind1="0" ind2=" " tag="362"><subfield code="a">Vol. 8, no. 822 (Apr. 12, 1853).</subfield></datafield><datafield ind1=" " ind2="0" tag="651"><subfield code="a">New York (N.Y.)</subfield><subfield code="v">Newspapers.</subfield></datafield><datafield ind1=" " ind2="7" tag="655"><subfield code="a">Newspapers.</subfield><subfield code="2">fast</subfield><subfield code="0">(OCoLC)fst01423814</subfield></datafield><datafield ind1=" " ind2="7" tag="651"><subfield code="a">New York (State)</subfield><subfield code="z">New York.</subfield><subfield code="2">fast</subfield><subfield code="0">(OCoLC)fst01204333</subfield></datafield><datafield ind1="1" ind2=" " tag="700"><subfield code="a">Greeley, Horace,</subfield><subfield code="d">1811-1872.</subfield></datafield><datafield ind1=" " ind2=" " tag="752"><subfield code="a">United States</subfield><subfield code="b">New York</subfield><subfield code="c">New York</subfield><subfield code="d">New York.</subfield></datafield><datafield ind1="0" ind2=" " tag="775"><subfield code="t">New-York daily tribune</subfield><subfield code="w">(DLC)sn 83030213</subfield><subfield code="w">(OCoLC)9388331</subfield></datafield><datafield ind1="0" ind2=" " tag="775"><subfield code="t">New-York weekly tribune</subfield><subfield code="w">(DLC)sn 83030280</subfield><subfield code="w">(OCoLC)4899480</subfield></datafield><datafield ind1="0" ind2="0" tag="780"><subfield code="t">Semi-weekly tribune (New York, N.Y.)</subfield><subfield code="w">(DLC)sn 85025980</subfield><subfield code="w">(OCoLC)12001610</subfield></datafield><datafield ind1="0" ind2="0" tag="785"><subfield code="t">New-York semi-weekly tribune (New York, N.Y. : 1853)</subfield><subfield code="w">(DLC)sn 85025982</subfield><subfield code="w">(OCoLC)12001912</subfield></datafield></record>